<?xml version="1.0" encoding="UTF-8"?><collection xmlns="http://www.loc.gov/MARC21/slim"><record><leader>00374nam--2200121-i-4500</leader><controlfield tag="001">000016307</controlfield><controlfield tag="002">20161230</controlfield><controlfield tag="005">20161230201031</controlfield><controlfield tag="008">060222s1000------------r-----000-0-eng-d</controlfield><datafield ind1=" " ind2=" " tag="100"><subfield code="a">Dutheil,Camille</subfield></datafield><datafield ind1=" " ind2=" " tag="245"><subfield code="a">Etude et mise au point d une methode de mesure des chaleurs specifiques au microcalorimatre e.calvat.these</subfield></datafield><datafield ind1=" " ind2=" " tag="260"><subfield code="a">Marseille,Universite,1961. 40 P</subfield></datafield><datafield ind1=" " ind2=" " tag="852"><subfield code="a">78102</subfield></datafield></record></collection>